<record xmlns:xsi="http://www.w3.org/2001/XMLSchema-instance" xmlns="http://www.loc.gov/MARC21/slim" xsi:schemaLocation="http://www.loc.gov/MARC21/slim http://www.loc.gov/standards/marcxml/schema/MARC21slim.xsd">

  <leader>00576nam a2200169Ia 4500</leader>
  <datafield ind2=" " ind1=" " tag="999">
    <subfield code="c">2357</subfield>
    <subfield code="d">2357</subfield>
  </datafield>
  <controlfield tag="008">180911b2005    cr ||||| |||| 00| | spa d</controlfield>
  <datafield tag="090" ind1=" " ind2=" ">
    <subfield code="a">19.02.08 </subfield>
    <subfield code="b">1086</subfield>
  </datafield>
  <datafield ind1=" " tag="100" ind2=" ">
    <subfield code="a">Cubero Venegas, Carmen María</subfield>
    <subfield code="9">708</subfield>
  </datafield>
  <datafield ind2="0" ind1="1" tag="245">
    <subfield code="a">Programa de Mejoramiento de los Procesos de Enseñanza y Aprendizaje / </subfield>
    <subfield code="c">Carmen Cubero Venegas</subfield>
  </datafield>
  <datafield ind1=" " tag="260" ind2=" ">
    <subfield code="a">San José, Costa Rica : </subfield>
    <subfield code="b">INIE, </subfield>
    <subfield code="c">2005</subfield>
  </datafield>
  <datafield ind2=" " tag="300" ind1=" ">
    <subfield code="a">185 páginas</subfield>
  </datafield>
  <datafield ind2=" " ind1=" " tag="500">
    <subfield code="a">Incluye el informe Bienio abril 2005 - 2007</subfield>
  </datafield>
  <datafield ind2="4" tag="650" ind1="1">
    <subfield code="a">INFORMES SOBRE PROYECTOS</subfield>
    <subfield code="9">3986</subfield>
  </datafield>
  <datafield ind2="4" tag="650" ind1="1">
    <subfield code="a">PROCESO DE APRENDIZAJE</subfield>
    <subfield code="9">1523</subfield>
  </datafield>
  <datafield ind2=" " tag="942" ind1=" ">
    <subfield code="2">z</subfield>
    <subfield code="c">04</subfield>
  </datafield>
  <datafield ind2=" " tag="942" ind1=" ">
    <subfield code="2">z</subfield>
  </datafield>
</record>